<?xml version="1.0" encoding="UTF-8"?><collection xmlns="http://www.loc.gov/MARC21/slim"><record><leader>00403nam--2200133-i-4500</leader><controlfield tag="001">000036789</controlfield><controlfield tag="002">20161230</controlfield><controlfield tag="005">20161230201041</controlfield><controlfield tag="008">060222s1000------------r-----000-0-eng-d</controlfield><datafield ind1=" " ind2=" " tag="080"><subfield code="a">548.73(043)</subfield></datafield><datafield ind1=" " ind2=" " tag="100"><subfield code="a">Popa, Nicolae C</subfield></datafield><datafield ind1=" " ind2=" " tag="245"><subfield code="a">Asupra factorilor fizici si instrumentali in difractia neutronilor si razelor x. teza</subfield></datafield><datafield ind1=" " ind2=" " tag="260"><subfield code="a">Bucuresti, Inst.Central De Fizica, 1988. 188p.+50fig</subfield></datafield><datafield ind1=" " ind2=" " tag="852"><subfield code="a">74.801</subfield></datafield></record></collection>